@article {eg79,
    AUTHOR = {Eisenberg, Murray and Guy, Robert},
     TITLE = {A proof of the hairy ball theorem},
   JOURNAL = {Amer. Math. Monthly},
  FJOURNAL = {American Mathematical Monthly},
    VOLUME = {86},
      YEAR = {1979},
    NUMBER = {7},
     PAGES = {572--574},
      ISSN = {0002-9890},
   MRCLASS = {57R25 (55M25)},
  MRNUMBER = {542769},
MRREVIEWER = {Elmar Vogt},
       DOI = {10.2307/2320587},
       URL = {https://doi.org/10.2307/2320587},
}

@misc{fra18,
    author={Franke, Jens},
    title={{Homological Methods in Commutative Algebra}},
    year={2018},
    note={Lecture notes by Ferdinand Wagner, available at \href{https://github.com/Nicholas42/AlgebraFranke/blob/master/HomAlg/HomAlg.pdf}{github.com/Nicholas42/AlgebraFranke}.},
}

@book {har77,
    AUTHOR = {Hartshorne, Robin},
     TITLE = {Algebraic geometry},
      NOTE = {Graduate Texts in Mathematics, No. 52},
 PUBLISHER = {Springer-Verlag, New York-Heidelberg},
      YEAR = {1977},
     PAGES = {xvi+496},
      ISBN = {0-387-90244-9},
   MRCLASS = {14-01},
  MRNUMBER = {0463157},
MRREVIEWER = {Robert Speiser},
}

@article {hoc72,
    AUTHOR = {Hochster, M.},
     TITLE = {Nonuniqueness of coefficient rings in a polynomial ring},
   JOURNAL = {Proc. Amer. Math. Soc.},
  FJOURNAL = {Proceedings of the American Mathematical Society},
    VOLUME = {34},
      YEAR = {1972},
     PAGES = {81--82},
      ISSN = {0002-9939},
   MRCLASS = {13B25},
  MRNUMBER = {294325},
MRREVIEWER = {W. Heinzer},
       DOI = {10.2307/2037901},
       URL = {https://doi.org/10.2307/2037901},
}
		

@misc{stacks,
  author       = {The {Stacks project authors}},
  title        = {The Stacks project},
  howpublished = {\url{https://stacks.math.columbia.edu}},
  year         = {2020},
}
